<record><leader>00000cas a22000007a 4500</leader><controlfield tag="001">153919416</controlfield><controlfield tag="008">070709d18361837vauwr ne      0    0eng d</controlfield><datafield ind1=" " ind2=" " tag="010"><subfield code="a">sn2007060694</subfield></datafield><datafield ind1=" " ind2=" " tag="040"><subfield code="a">NVK</subfield><subfield code="b">eng</subfield><subfield code="c">NVK</subfield><subfield code="d">NVK</subfield><subfield code="d">ZAD</subfield></datafield><datafield ind1=" " ind2=" " tag="042"><subfield code="a">msc</subfield></datafield><datafield ind1=" " ind2=" " tag="043"><subfield code="a">n-us-va</subfield></datafield><datafield ind1="0" ind2="0" tag="245"><subfield code="a">Virginia conference sentinel.</subfield></datafield><datafield ind1=" " ind2=" " tag="260"><subfield code="a">Richmond, Va. :</subfield><subfield code="b">W.A. Smith, M. Brock and J. Early,</subfield><subfield code="c">1836-</subfield></datafield><datafield ind1=" " ind2=" " tag="310"><subfield code="a">Weekly</subfield></datafield><datafield ind1="0" ind2=" " tag="362"><subfield code="a">Vol. 1, no. 1 (Mar. 11, 1836)-</subfield></datafield><datafield ind1="1" ind2=" " tag="362"><subfield code="a">Ceased in 1837.</subfield></datafield><datafield ind1=" " ind2=" " tag="500"><subfield code="a">"Watch thou in all things."</subfield></datafield><datafield ind1=" " ind2="0" tag="650"><subfield code="a">Christianity (Va.)</subfield><subfield code="v">Newspapers.</subfield></datafield><datafield ind1=" " ind2="0" tag="651"><subfield code="a">Richmond (Va.)</subfield><subfield code="v">Newspapers.</subfield></datafield><datafield ind1=" " ind2=" " tag="752"><subfield code="a">United States</subfield><subfield code="b">Virginia</subfield><subfield code="d">Richmond.</subfield></datafield><datafield ind1="0" ind2="0" tag="780"><subfield code="t">Christian sentinel (Richmond, Va.)</subfield><subfield code="w">(DLC)sn 85038621</subfield></datafield><datafield ind1="0" ind2="0" tag="785"><subfield code="t">Richmond Christian advocate (Richmond, Va. : 1836)</subfield><subfield code="w">(DLC)sn 85038621</subfield></datafield><datafield ind1=" " ind2=" " tag="936"><subfield code="a">Vol. 1, no. 52 (Mar. 3, 1837) LIC</subfield></datafield><datafield ind1="1" ind2=" " tag="029"><subfield code="a">AU@</subfield><subfield code="b">000041885855</subfield></datafield></record>